<record><leader>00000cas a22000007a 4500</leader><controlfield tag="001">28446911</controlfield><controlfield tag="008">930714c19669999moudn ne      0    0eng d</controlfield><datafield ind1=" " ind2=" " tag="010"><subfield code="a">sn 93060033 </subfield></datafield><datafield ind1=" " ind2=" " tag="040"><subfield code="a">MQN</subfield><subfield code="b">eng</subfield><subfield code="c">MQN</subfield><subfield code="d">OCLCQ</subfield></datafield><datafield ind1=" " ind2=" " tag="042"><subfield code="a">msc</subfield></datafield><datafield ind1="0" ind2=" " tag="130"><subfield code="a">Carthage press (Carthage, Mo. : 1966)</subfield></datafield><datafield ind1="1" ind2="0" tag="245"><subfield code="a">Carthage press.</subfield></datafield><datafield ind1=" " ind2=" " tag="260"><subfield code="a">Carthage, Mo. :</subfield><subfield code="b">Carthage Pub. Co.,</subfield><subfield code="c">1966-</subfield></datafield><datafield ind1=" " ind2=" " tag="300"><subfield code="a">v.</subfield></datafield><datafield ind1=" " ind2=" " tag="310"><subfield code="a">Daily (except Sun. and holidays)</subfield></datafield><datafield ind1="0" ind2=" " tag="362"><subfield code="a">Vol. 82, no. 280 (Nov. 29, 1966)-</subfield></datafield><datafield ind1=" " ind2="4" tag="651"><subfield code="a">Carthage (Mo.)</subfield><subfield code="v">Newspapers.</subfield></datafield><datafield ind1=" " ind2=" " tag="752"><subfield code="a">United States</subfield><subfield code="b">Missouri</subfield><subfield code="c">Jasper</subfield><subfield code="d">Carthage.</subfield></datafield><datafield ind1="0" ind2="0" tag="780"><subfield code="t">Carthage evening press</subfield><subfield code="w">(DLC)sn 83016928</subfield></datafield><datafield ind1="1" ind2=" " tag="029"><subfield code="a">AU@</subfield><subfield code="b">000025859067</subfield></datafield></record>